<?xml version="1.0" encoding="UTF-8" ?>
<collection xmlns:xsi="http://www.w3.org/2001/XMLSchema-instance"
    xsi:schemaLocation="http://www.loc.gov/MARC21/slim
        http://www.loc.gov/standards/marcxml/schema/MARC21slim.xsd"
    xmlns="http://www.loc.gov/MARC21/slim">
<record>
  <leader>00224nam a2200433 i 4500</leader>
  <controlfield tag="001">b20611055</controlfield>
  <controlfield tag="003">LeBAU</controlfield>
  <controlfield tag="008">171025s1938    le            ||1 0 ara d</controlfield>
  <datafield tag="040" ind1=" " ind2=" ">
    <subfield code="a">LEAUB</subfield>
    <subfield code="b">ara</subfield>
    <subfield code="e">rda</subfield>
    <subfield code="c">LEAUB</subfield>
    <subfield code="d">LEAUB</subfield>
  </datafield>
  <datafield tag="082" ind1="0" ind2="4">
    <subfield code="a">956.92</subfield>
    <subfield code="2">22</subfield>
  </datafield>
  <datafield tag="100" ind1="1" ind2=" ">
    <subfield code="6">880-01</subfield>
    <subfield code="a">Qarʼalī, Būlus,</subfield>
    <subfield code="d">-1952,</subfield>
    <subfield code="e">author.</subfield>
  </datafield>
  <datafield tag="245" ind1="1" ind2="0">
    <subfield code="6">880-02</subfield>
    <subfield code="a">Fakhr al-Dīn al-Ma‘nī al-Thānī Amīr Lubnān.</subfield>
    <subfield code="p">Firdināndū al-thānī amīr Tuskānā, 1621-1635 /</subfield>
    <subfield code="c">bi-qalam al-Khūrī Būlus Qar’alī, mudīr al-Majallah al-Baṭrīyarkīyah.</subfield>
  </datafield>
  <datafield tag="264" ind1=" " ind2="1">
    <subfield code="6">880-03</subfield>
    <subfield code="a">Ḥārīṣā, Lubnān :</subfield>
    <subfield code="b">Maṭba‘at al-Qiddīs Būlus,</subfield>
    <subfield code="c">1938.</subfield>
  </datafield>
  <datafield tag="300" ind1=" " ind2=" ">
    <subfield code="6">880-04</subfield>
    <subfield code="a">424 pages ;</subfield>
    <subfield code="c">23 cm</subfield>
  </datafield>
  <datafield tag="336" ind1=" " ind2=" ">
    <subfield code="a">text</subfield>
    <subfield code="b">txt</subfield>
    <subfield code="2">rdacontent</subfield>
  </datafield>
  <datafield tag="337" ind1=" " ind2=" ">
    <subfield code="a">unmediated</subfield>
    <subfield code="b">n</subfield>
    <subfield code="2">rdamedia</subfield>
  </datafield>
  <datafield tag="338" ind1=" " ind2=" ">
    <subfield code="a">volume</subfield>
    <subfield code="b">nc</subfield>
    <subfield code="2">rdacarrier</subfield>
  </datafield>
  <datafield tag="500" ind1=" " ind2=" ">
    <subfield code="a">يتضمن كشاف.</subfield>
  </datafield>
  <datafield tag="500" ind1=" " ind2=" ">
    <subfield code="a">"المجلة البطريركية، السنة الحادية عشرة، نيسان-تموز 1936"</subfield>
  </datafield>
  <datafield tag="500" ind1=" " ind2=" ">
    <subfield code="a">"نشر برعاية مجمع العلوم والفنون الملكي الإيطالي."</subfield>
  </datafield>
  <datafield tag="500" ind1=" " ind2=" ">
    <subfield code="a">فخر الدين المعني الثاني أمير لبنان وفردناندو الثاني امير تسكانا.</subfield>
  </datafield>
  <datafield tag="600" ind1="0" ind2="4">
    <subfield code="a">فخر الدين</subfield>
    <subfield code="b">الثاني،</subfield>
    <subfield code="c">امير لبنان،</subfield>
    <subfield code="d">1572-1635.</subfield>
  </datafield>
  <datafield tag="600" ind1="0" ind2="4">
    <subfield code="a">فردناندو</subfield>
    <subfield code="b">الثاني،</subfield>
    <subfield code="c">امير توسكانا،</subfield>
    <subfield code="d">1610-1670.</subfield>
  </datafield>
  <datafield tag="600" ind1="0" ind2="0">
    <subfield code="a">Fakhr al-Din</subfield>
    <subfield code="b">II</subfield>
    <subfield code="c">Emir of Lebanon,</subfield>
    <subfield code="d">1572-1635.</subfield>
  </datafield>
  <datafield tag="600" ind1="0" ind2="0">
    <subfield code="a">Ferdinando</subfield>
    <subfield code="b">II,</subfield>
    <subfield code="c">Grand-Duke of Tuscany,</subfield>
    <subfield code="d">1610-1670.</subfield>
  </datafield>
  <datafield tag="651" ind1=" " ind2="4">
    <subfield code="a">لبنان</subfield>
    <subfield code="x">تاريخ</subfield>
    <subfield code="y">1516-1918.</subfield>
  </datafield>
  <datafield tag="651" ind1=" " ind2="4">
    <subfield code="a">لبنان</subfield>
    <subfield code="x">العلاقات الخارجية</subfield>
    <subfield code="z">إيطاليا.</subfield>
  </datafield>
  <datafield tag="651" ind1=" " ind2="4">
    <subfield code="a">إيطاليا</subfield>
    <subfield code="x">العلاقات الخارجية</subfield>
    <subfield code="z">لبنان.</subfield>
  </datafield>
  <datafield tag="651" ind1=" " ind2="0">
    <subfield code="a">Lebanon</subfield>
    <subfield code="x">History</subfield>
    <subfield code="y">1516-1918.</subfield>
  </datafield>
  <datafield tag="651" ind1=" " ind2="0">
    <subfield code="a">Lebanon</subfield>
    <subfield code="x">Foreign relations</subfield>
    <subfield code="z">Italy.</subfield>
  </datafield>
  <datafield tag="651" ind1=" " ind2="0">
    <subfield code="a">Italy</subfield>
    <subfield code="x">Foreign relations</subfield>
    <subfield code="z">Lebanon.</subfield>
  </datafield>
  <datafield tag="852" ind1=" " ind2=" ">
    <subfield code="a">Jafet Archives and Special Collections</subfield>
    <subfield code="e">American University of Beirut, Bliss Street , Beirut, Lebanon.</subfield>
  </datafield>
  <datafield tag="880" ind1="1" ind2=" ">
    <subfield code="6">100-01/(3/r</subfield>
    <subfield code="a">قرألي، بولس</subfield>
    <subfield code="d">-1952،</subfield>
    <subfield code="e">مؤلف. </subfield>
    <subfield code="4">aut.</subfield>
  </datafield>
  <datafield tag="880" ind1="1" ind2="0">
    <subfield code="6">245-02/(3/r</subfield>
    <subfield code="a">فخر الدين المعني الثاني أمير لبنان.</subfield>
    <subfield code="p">فردناندو الثاني امير تسكانا، 1621-1635 /</subfield>
    <subfield code="c">بقلم الخوري بولس قرألي، مدير المجلة البطريركية.</subfield>
  </datafield>
  <datafield tag="880" ind1=" " ind2="1">
    <subfield code="6">264-03/(3/r</subfield>
    <subfield code="a">حريصا، لبنان :</subfield>
    <subfield code="b">مطبعة القديس بولس،</subfield>
    <subfield code="c">1938.</subfield>
  </datafield>
  <datafield tag="880" ind1=" " ind2=" ">
    <subfield code="6">300-04/(3/r</subfield>
    <subfield code="a">424 صفحة ؛</subfield>
    <subfield code="c">23 سم</subfield>
  </datafield>
  <datafield tag="907" ind1=" " ind2=" ">
    <subfield code="a">.b20611055</subfield>
    <subfield code="b">17-10-27</subfield>
    <subfield code="c">17-10-25</subfield>
  </datafield>
  <datafield tag="945" ind1=" " ind2=" ">
    <subfield code="f">CA</subfield>
    <subfield code="a">956.92:K18fcA</subfield>
    <subfield code="i">01067416</subfield>
    <subfield code="j">.i13354309</subfield>
    <subfield code="l">u0304</subfield>
  </datafield>
  <datafield tag="998" ind1=" " ind2=" ">
    <subfield code="a">u03</subfield>
    <subfield code="b">17-10-25</subfield>
    <subfield code="c">m</subfield>
    <subfield code="d">a</subfield>
    <subfield code="e">-</subfield>
    <subfield code="f">ara</subfield>
    <subfield code="g">le </subfield>
    <subfield code="h">0</subfield>
    <subfield code="i">0</subfield>
  </datafield>
</record>
</collection>
